

<record>
  <leader>00515nam a22001691a 4500</leader>
  <controlfield tag="003">BR-MnINPA</controlfield>
  <controlfield tag="005">20161130152712.0</controlfield>
  <controlfield tag="008">160321s2012    bl |||||||||||||| ||por d</controlfield>
  <datafield tag="082" ind1=" " ind2=" ">
    <subfield code="2">19</subfield>
    <subfield code="a">079.81</subfield>
  </datafield>
  <datafield tag="090" ind1=" " ind2=" ">
    <subfield code="a">079.81</subfield>
    <subfield code="b">A634 s</subfield>
  </datafield>
  <datafield tag="100" ind1=" " ind2=" ">
    <subfield code="a">Antonaccio, Gaitano</subfield>
  </datafield>
  <datafield tag="245" ind1=" " ind2=" ">
    <subfield code="a">Sinopse histórica do jornalismo brasileiro:</subfield>
    <subfield code="b">ensaio/</subfield>
    <subfield code="c">Gaitano Antonaccio</subfield>
  </datafield>
  <datafield tag="260" ind1=" " ind2=" ">
    <subfield code="a">Manaus:</subfield>
    <subfield code="b">Impresa Oficial do Estado do Amazonas,</subfield>
    <subfield code="c">2012.</subfield>
  </datafield>
  <datafield tag="300" ind1=" " ind2=" ">
    <subfield code="a">238 p.; 21x14 cm.</subfield>
  </datafield>
  <datafield tag="650" ind1=" " ind2="0">
    <subfield code="a">Jornalismo Brasileiro</subfield>
    <subfield code="x">História</subfield>
  </datafield>
  <datafield tag="942" ind1=" " ind2=" ">
    <subfield code="c">L</subfield>
  </datafield>
  <datafield tag="999" ind1=" " ind2=" ">
    <subfield code="c">17973</subfield>
    <subfield code="d">17973</subfield>
  </datafield>
  <datafield tag="952" ind1=" " ind2=" ">
    <subfield code="0">0</subfield>
    <subfield code="1">0</subfield>
    <subfield code="2">ddc</subfield>
    <subfield code="4">0</subfield>
    <subfield code="6">079_810000000000000_A634_S</subfield>
    <subfield code="7">0</subfield>
    <subfield code="8">G</subfield>
    <subfield code="9">24260</subfield>
    <subfield code="a">sdin</subfield>
    <subfield code="b">sdin</subfield>
    <subfield code="d">2016-11-30</subfield>
    <subfield code="l">0</subfield>
    <subfield code="o">079.81 A634 s</subfield>
    <subfield code="p">2016-0562</subfield>
    <subfield code="r">2016-11-30</subfield>
    <subfield code="w">2016-11-30</subfield>
    <subfield code="y">L</subfield>
  </datafield>
</record>