

<record>
  <leader>00623nam a2200181   4500</leader>
  <controlfield tag="001">BIBLIOPAC-008477</controlfield>
  <controlfield tag="005">20161123142414.0</controlfield>
  <controlfield tag="008">060718s2005    bl           0000 0 por u</controlfield>
  <datafield tag="082" ind1="0" ind2="4">
    <subfield code="a">079.811</subfield>
    <subfield code="2">19</subfield>
  </datafield>
  <datafield tag="090" ind1=" " ind2=" ">
    <subfield code="a">079.811</subfield>
    <subfield code="b">P659p</subfield>
  </datafield>
  <datafield tag="100" ind1="1" ind2=" ">
    <subfield code="a">Pinto, Lúcio Flávio</subfield>
  </datafield>
  <datafield tag="245" ind1="1" ind2="0">
    <subfield code="a">Guerra amazônica : </subfield>
    <subfield code="b">o jornalismo na linha de tiro (de grileiros, madeireiros, intelectuais, etc. &amp; cia.) / </subfield>
    <subfield code="c">Lúcio Flávio Pinto.</subfield>
  </datafield>
  <datafield tag="260" ind1=" " ind2=" ">
    <subfield code="a">Marambaia, PA : </subfield>
    <subfield code="b">Smith Produções Gráficas, </subfield>
    <subfield code="c">2005.</subfield>
  </datafield>
  <datafield tag="300" ind1=" " ind2=" ">
    <subfield code="a">300 p. ; </subfield>
    <subfield code="c">23 cm.</subfield>
  </datafield>
  <datafield tag="490" ind1="0" ind2=" ">
    <subfield code="a">Edição Jornal pessoal ; </subfield>
    <subfield code="v">v. 1</subfield>
  </datafield>
  <datafield tag="650" ind1=" " ind2="4">
    <subfield code="a">Jornalismo</subfield>
    <subfield code="z">Amazônia.</subfield>
  </datafield>
  <datafield tag="942" ind1=" " ind2=" ">
    <subfield code="c">L</subfield>
  </datafield>
  <datafield tag="999" ind1=" " ind2=" ">
    <subfield code="c">15239</subfield>
    <subfield code="d">15239</subfield>
  </datafield>
  <datafield tag="952" ind1=" " ind2=" ">
    <subfield code="0">0</subfield>
    <subfield code="1">0</subfield>
    <subfield code="2">ddc</subfield>
    <subfield code="4">0</subfield>
    <subfield code="6">AM_079_811000000000000_P659P</subfield>
    <subfield code="7">0</subfield>
    <subfield code="8">AM</subfield>
    <subfield code="9">20736</subfield>
    <subfield code="a">sdin</subfield>
    <subfield code="b">sdin</subfield>
    <subfield code="d">2016-11-23</subfield>
    <subfield code="l">0</subfield>
    <subfield code="o">AM 079.811 P659p</subfield>
    <subfield code="p">06-0240</subfield>
    <subfield code="r">2016-11-23</subfield>
    <subfield code="w">2016-11-23</subfield>
    <subfield code="y">L</subfield>
  </datafield>
</record>