

<record>
  <leader>00884nam a22002534a 4500</leader>
  <datafield tag="999" ind1=" " ind2=" ">
    <subfield code="c">30207</subfield>
    <subfield code="d">30207</subfield>
  </datafield>
  <controlfield tag="003">BR-MnINPA</controlfield>
  <controlfield tag="005">20180803170830.0</controlfield>
  <controlfield tag="008">161202s2015    bl a   g      000 0 por  </controlfield>
  <datafield tag="020" ind1=" " ind2=" ">
    <subfield code="a">9788574017921 (broch.)</subfield>
  </datafield>
  <datafield tag="040" ind1=" " ind2=" ">
    <subfield code="a">BR-RjBN</subfield>
    <subfield code="b">por</subfield>
  </datafield>
  <datafield tag="043" ind1=" " ind2=" ">
    <subfield code="a">s-bl-am</subfield>
  </datafield>
  <datafield tag="082" ind1="0" ind2="4">
    <subfield code="a">079.8113</subfield>
    <subfield code="2">23</subfield>
  </datafield>
  <datafield tag="090" ind1=" " ind2=" ">
    <subfield code="a">Am 079.8113</subfield>
    <subfield code="b">P654f</subfield>
  </datafield>
  <datafield tag="092" ind1=" " ind2=" ">
    <subfield code="a">LOCALIZANDO/FORA DE CONSULTA</subfield>
  </datafield>
  <datafield tag="100" ind1="1" ind2=" ">
    <subfield code="a">Pinheiro, Maria Luiza Ugarte.</subfield>
  </datafield>
  <datafield tag="245" ind1="1" ind2="0">
    <subfield code="a">Folhas do Norte :</subfield>
    <subfield code="b">letramento e periodismo no Amazonas (1880-1920) /</subfield>
    <subfield code="c">Maria Luiza Ugarte Pinheiro. -</subfield>
  </datafield>
  <datafield tag="250" ind1=" " ind2=" ">
    <subfield code="a">[3. ed.] -</subfield>
  </datafield>
  <datafield tag="260" ind1=" " ind2=" ">
    <subfield code="a">Manaus, AM :</subfield>
    <subfield code="b">EdUA,</subfield>
    <subfield code="c">2015.</subfield>
  </datafield>
  <datafield tag="300" ind1=" " ind2=" ">
    <subfield code="a">348p. :</subfield>
    <subfield code="b">il. ;</subfield>
    <subfield code="c">21cm.</subfield>
  </datafield>
  <datafield tag="500" ind1=" " ind2=" ">
    <subfield code="a">Originalmente apresentada como tese da autora (doutorado - Pontifícia Universidade Católica de São Paulo, 2001).</subfield>
  </datafield>
  <datafield tag="650" ind1="0" ind2="4">
    <subfield code="a">Imprensa</subfield>
    <subfield code="z">Amazonas</subfield>
    <subfield code="x">História</subfield>
  </datafield>
  <datafield tag="650" ind1="0" ind2="4">
    <subfield code="a">Jornais brasileiros</subfield>
    <subfield code="z">Amazonas</subfield>
    <subfield code="x">História</subfield>
  </datafield>
  <datafield tag="942" ind1=" " ind2=" ">
    <subfield code="c">L</subfield>
  </datafield>
  <datafield tag="952" ind1=" " ind2=" ">
    <subfield code="0">0</subfield>
    <subfield code="1">0</subfield>
    <subfield code="2">ddc</subfield>
    <subfield code="4">0</subfield>
    <subfield code="6">AM_079_811300000000000_P654F</subfield>
    <subfield code="7">0</subfield>
    <subfield code="8">AM</subfield>
    <subfield code="9">38479</subfield>
    <subfield code="a">sdin</subfield>
    <subfield code="b">sdin</subfield>
    <subfield code="d">2018-08-03</subfield>
    <subfield code="l">0</subfield>
    <subfield code="o">Am 079.8113 P654f</subfield>
    <subfield code="p">2018-1657</subfield>
    <subfield code="r">2018-08-03</subfield>
    <subfield code="w">2018-08-03</subfield>
    <subfield code="y">L</subfield>
  </datafield>
  <datafield tag="952" ind1=" " ind2=" ">
    <subfield code="0">0</subfield>
    <subfield code="1">0</subfield>
    <subfield code="2">ddc</subfield>
    <subfield code="4">0</subfield>
    <subfield code="6">AM_079_811300000000000_P654F</subfield>
    <subfield code="7">0</subfield>
    <subfield code="8">AM</subfield>
    <subfield code="9">38480</subfield>
    <subfield code="a">sdin</subfield>
    <subfield code="b">sdin</subfield>
    <subfield code="d">2018-08-03</subfield>
    <subfield code="l">0</subfield>
    <subfield code="o">Am 079.8113 P654f</subfield>
    <subfield code="p">2018-1658</subfield>
    <subfield code="r">2018-08-03</subfield>
    <subfield code="w">2018-08-03</subfield>
    <subfield code="y">L</subfield>
  </datafield>
  <datafield tag="952" ind1=" " ind2=" ">
    <subfield code="0">0</subfield>
    <subfield code="1">0</subfield>
    <subfield code="2">ddc</subfield>
    <subfield code="4">0</subfield>
    <subfield code="6">AM_079_811300000000000_P654F</subfield>
    <subfield code="7">0</subfield>
    <subfield code="8">AM</subfield>
    <subfield code="9">38481</subfield>
    <subfield code="a">sdin</subfield>
    <subfield code="b">sdin</subfield>
    <subfield code="d">2018-08-03</subfield>
    <subfield code="l">0</subfield>
    <subfield code="o">Am 079.8113 P654f</subfield>
    <subfield code="p">2018-1659</subfield>
    <subfield code="r">2018-08-03</subfield>
    <subfield code="w">2018-08-03</subfield>
    <subfield code="y">L</subfield>
  </datafield>
  <datafield tag="952" ind1=" " ind2=" ">
    <subfield code="0">0</subfield>
    <subfield code="1">0</subfield>
    <subfield code="2">ddc</subfield>
    <subfield code="4">0</subfield>
    <subfield code="6">AM_079_811300000000000_P654F</subfield>
    <subfield code="7">0</subfield>
    <subfield code="8">AM</subfield>
    <subfield code="9">38482</subfield>
    <subfield code="a">sdin</subfield>
    <subfield code="b">sdin</subfield>
    <subfield code="d">2018-08-03</subfield>
    <subfield code="l">0</subfield>
    <subfield code="o">Am 079.8113 P654f</subfield>
    <subfield code="p">2018-1660</subfield>
    <subfield code="r">2018-08-03</subfield>
    <subfield code="w">2018-08-03</subfield>
    <subfield code="y">L</subfield>
  </datafield>
  <datafield tag="952" ind1=" " ind2=" ">
    <subfield code="0">0</subfield>
    <subfield code="1">0</subfield>
    <subfield code="2">ddc</subfield>
    <subfield code="4">0</subfield>
    <subfield code="6">AM_079_811300000000000_P654F</subfield>
    <subfield code="7">0</subfield>
    <subfield code="8">AM</subfield>
    <subfield code="9">38483</subfield>
    <subfield code="a">sdin</subfield>
    <subfield code="b">sdin</subfield>
    <subfield code="d">2018-08-03</subfield>
    <subfield code="l">0</subfield>
    <subfield code="o">Am 079.8113 P654f</subfield>
    <subfield code="p">2018-1661</subfield>
    <subfield code="r">2018-08-03</subfield>
    <subfield code="w">2018-08-03</subfield>
    <subfield code="y">L</subfield>
  </datafield>
</record>