

<record>
  <leader>00776nam a2200229   4500</leader>
  <controlfield tag="001">BIBLIOPAC-004853</controlfield>
  <controlfield tag="005">20161123102743.0</controlfield>
  <controlfield tag="008">040422s1970    bl            001 0 por  </controlfield>
  <datafield tag="010" ind1=" " ind2=" ">
    <subfield code="a">74235347 </subfield>
  </datafield>
  <datafield tag="082" ind1="1" ind2=" ">
    <subfield code="a">109</subfield>
  </datafield>
  <datafield tag="090" ind1=" " ind2=" ">
    <subfield code="a">109</subfield>
    <subfield code="b">P124h</subfield>
  </datafield>
  <datafield tag="100" ind1="1" ind2=" ">
    <subfield code="a">Padovani, Umberto Antonio, </subfield>
    <subfield code="d">1894-1968.</subfield>
  </datafield>
  <datafield tag="245" ind1="0" ind2="0">
    <subfield code="a">História da filosofia / </subfield>
    <subfield code="c">Umberto Padovani e Luís Castagnola.</subfield>
  </datafield>
  <datafield tag="250" ind1=" " ind2=" ">
    <subfield code="a">8. ed. </subfield>
  </datafield>
  <datafield tag="260" ind1=" " ind2=" ">
    <subfield code="a">São Paulo : </subfield>
    <subfield code="b">Edições Melhoramentos, </subfield>
    <subfield code="c">1970.</subfield>
  </datafield>
  <datafield tag="300" ind1=" " ind2=" ">
    <subfield code="a">587 p.</subfield>
  </datafield>
  <datafield tag="500" ind1=" " ind2=" ">
    <subfield code="a">"Com o estudo 'O problema da história da filosofia' do prof. Artur Versiani Vellôso."</subfield>
  </datafield>
  <datafield tag="650" ind1=" " ind2="0">
    <subfield code="a">Filosofia</subfield>
    <subfield code="x">História.</subfield>
  </datafield>
  <datafield tag="700" ind1="1" ind2=" ">
    <subfield code="a">Castagnola, Luís.</subfield>
  </datafield>
  <datafield tag="700" ind1=" " ind2=" ">
    <subfield code="a">Versiani Vellôso, Arthur, </subfield>
    <subfield code="d">1906-</subfield>
    <subfield code="t">O problema da história da filosofia. 1974</subfield>
  </datafield>
  <datafield tag="942" ind1=" " ind2=" ">
    <subfield code="c">L</subfield>
  </datafield>
  <datafield tag="999" ind1=" " ind2=" ">
    <subfield code="c">11668</subfield>
    <subfield code="d">11668</subfield>
  </datafield>
  <datafield tag="952" ind1=" " ind2=" ">
    <subfield code="0">0</subfield>
    <subfield code="1">0</subfield>
    <subfield code="4">0</subfield>
    <subfield code="6">109_000000000000000_P124H</subfield>
    <subfield code="7">0</subfield>
    <subfield code="8">G</subfield>
    <subfield code="9">15373</subfield>
    <subfield code="a">sdin</subfield>
    <subfield code="b">sdin</subfield>
    <subfield code="d">2016-11-23</subfield>
    <subfield code="l">0</subfield>
    <subfield code="o">109 P124h</subfield>
    <subfield code="p">91-0083</subfield>
    <subfield code="r">2016-11-23</subfield>
    <subfield code="w">2016-11-23</subfield>
    <subfield code="y">L</subfield>
  </datafield>
</record>