

<record>
  <leader>00517nam a22001811a 4500</leader>
  <controlfield tag="003">BR-MnINPA</controlfield>
  <controlfield tag="005">20161129092903.0</controlfield>
  <controlfield tag="008">160321s1997    bl |||||||||||||| ||por d</controlfield>
  <datafield tag="020" ind1=" " ind2=" ">
    <subfield code="a">85-7164-677-5</subfield>
  </datafield>
  <datafield tag="082" ind1=" " ind2=" ">
    <subfield code="2">19</subfield>
    <subfield code="a">113</subfield>
  </datafield>
  <datafield tag="090" ind1=" " ind2=" ">
    <subfield code="a">113</subfield>
    <subfield code="b">G557d</subfield>
  </datafield>
  <datafield tag="100" ind1=" " ind2=" ">
    <subfield code="a">Gleiser, Marcelo</subfield>
  </datafield>
  <datafield tag="245" ind1=" " ind2=" ">
    <subfield code="a">A dança do universo:</subfield>
    <subfield code="b">dos mitos de Criação ao Big Bang/</subfield>
    <subfield code="c">Marcelo Gleiser.</subfield>
  </datafield>
  <datafield tag="260" ind1=" " ind2=" ">
    <subfield code="a">São Paulo:</subfield>
    <subfield code="b">Companhia das Letras,</subfield>
    <subfield code="c">1997</subfield>
  </datafield>
  <datafield tag="300" ind1=" " ind2=" ">
    <subfield code="a">434 p.</subfield>
    <subfield code="b">il.</subfield>
  </datafield>
  <datafield tag="650" ind1=" " ind2="0">
    <subfield code="a">Cosmologia</subfield>
    <subfield code="x">Criação</subfield>
    <subfield code="x">Natureza</subfield>
  </datafield>
  <datafield tag="942" ind1=" " ind2=" ">
    <subfield code="c">L</subfield>
  </datafield>
  <datafield tag="999" ind1=" " ind2=" ">
    <subfield code="c">17969</subfield>
    <subfield code="d">17969</subfield>
  </datafield>
  <datafield tag="952" ind1=" " ind2=" ">
    <subfield code="0">0</subfield>
    <subfield code="1">0</subfield>
    <subfield code="2">ddc</subfield>
    <subfield code="4">0</subfield>
    <subfield code="6">113_000000000000000_G557D</subfield>
    <subfield code="7">0</subfield>
    <subfield code="8">G</subfield>
    <subfield code="9">24254</subfield>
    <subfield code="a">sdin</subfield>
    <subfield code="b">sdin</subfield>
    <subfield code="d">2016-11-29</subfield>
    <subfield code="l">0</subfield>
    <subfield code="o">113 G557d</subfield>
    <subfield code="p">2016-0557</subfield>
    <subfield code="r">2016-11-29</subfield>
    <subfield code="w">2016-11-29</subfield>
    <subfield code="y">L</subfield>
  </datafield>
</record>